@misc{kdd1999,
  author = {The UCI KDD Archive},
  title = {{KDD Cup 1999 Data}},
  howpublished = "\url{http://kdd.ics.uci.edu/databases/kddcup99/kddcup99.html}",
  year = {1999}, 
  note = "[Online; accessed 08-Oct-2014]"
}

@misc{weka,
  author = {Machine Learning Group at the University of Waikato},
  title = {{Weka 3 - Data Mining with Open Source Machine Learning Software in Java}},
  howpublished = "\url{http://www.cs.waikato.ac.nz/ml/weka/}",
  year = {2014}, 
  note = "[Online; accessed 08-Oct-2014]"
}